<record><leader>00000cas a22000007a 4500</leader><controlfield tag="001">10748854</controlfield><controlfield tag="008">840518d18671875scuwr ne      0   a0eng c</controlfield><controlfield tag="009">3781</controlfield><datafield ind1=" " ind2=" " tag="010"><subfield code="a">sn 84026920 </subfield></datafield><datafield ind1=" " ind2=" " tag="040"><subfield code="a">NPU</subfield><subfield code="b">eng</subfield><subfield code="c">NPU</subfield><subfield code="d">SVN</subfield><subfield code="d">OCL</subfield><subfield code="d">OCLCQ</subfield><subfield code="d">DLC</subfield><subfield code="d">OCLCF</subfield></datafield><datafield ind1=" " ind2=" " tag="012"><subfield code="l">a</subfield></datafield><datafield ind1="0" ind2=" " tag="022"><subfield code="a">2163-436X</subfield><subfield code="2">1</subfield></datafield><datafield ind1="1" ind2=" " tag="029"><subfield code="a">AU@</subfield><subfield code="b">000020633450</subfield></datafield><datafield ind1=" " ind2=" " tag="042"><subfield code="a">pcc</subfield><subfield code="a">nsdp</subfield></datafield><datafield ind1=" " ind2=" " tag="043"><subfield code="a">n-us-sc</subfield></datafield><datafield ind1="0" ind2="0" tag="050"><subfield code="a">Newspaper</subfield></datafield><datafield ind1="1" ind2="0" tag="082"><subfield code="a">070</subfield><subfield code="2">14</subfield></datafield><datafield ind1="0" ind2=" " tag="130"><subfield code="a">Orangeburg news (Orangeburg, S.C. : 1867)</subfield></datafield><datafield ind1=" " ind2="4" tag="222"><subfield code="a">The Orangeburg news</subfield><subfield code="b">(Orangeburg, S.C. 1867)</subfield></datafield><datafield ind1="1" ind2="4" tag="245"><subfield code="a">The Orangeburg news.</subfield></datafield><datafield ind1=" " ind2=" " tag="260"><subfield code="a">Orangeburg, S.C. :</subfield><subfield code="b">Charles H. Hall</subfield></datafield><datafield ind1=" " ind2=" " tag="300"><subfield code="a">v. ;</subfield><subfield code="c">61 cm.</subfield></datafield><datafield ind1=" " ind2=" " tag="310"><subfield code="a">Weekly</subfield></datafield><datafield ind1="1" ind2=" " tag="362"><subfield code="a">Began in 1867; ceased with Mar. 11, 1875 issue.</subfield><subfield code="z">Cf. Gregory, W. Amer. newspapers.</subfield></datafield><datafield ind1=" " ind2=" " tag="530"><subfield code="a">Archived issues are available in digital format as part of the Library of Congress Chronicling America online collection.</subfield></datafield><datafield ind1=" " ind2=" " tag="588"><subfield code="a">Description based on: Vol. 1, no. 3 (Mar. 9, 1867).</subfield></datafield><datafield ind1=" " ind2="0" tag="651"><subfield code="a">Orangeburg County (S.C.)</subfield><subfield code="v">Newspapers.</subfield></datafield><datafield ind1=" " ind2="7" tag="655"><subfield code="a">Newspapers.</subfield><subfield code="2">fast</subfield><subfield code="0">(OCoLC)fst01423814</subfield></datafield><datafield ind1=" " ind2="7" tag="651"><subfield code="a">South Carolina</subfield><subfield code="z">Orangeburg County.</subfield><subfield code="2">fast</subfield><subfield code="0">(OCoLC)fst01212821</subfield></datafield><datafield ind1=" " ind2=" " tag="752"><subfield code="a">United States</subfield><subfield code="b">South Carolina</subfield><subfield code="c">Orangeburg</subfield><subfield code="d">Orangeburg.</subfield></datafield><datafield ind1="0" ind2="7" tag="785"><subfield code="t">Orangeburg times (Orangeburg, S.C. : 1872)</subfield><subfield code="x">2163-7474</subfield><subfield code="w">(DLC)sn 93067790</subfield><subfield code="w">(OCoLC)28248822</subfield></datafield><datafield ind1="0" ind2="7" tag="785"><subfield code="t">Orangeburg news and times</subfield><subfield code="x">2163-4815</subfield><subfield code="w">(DLC)sn 86053227</subfield><subfield code="w">(OCoLC)13356557</subfield></datafield><datafield ind1="4" ind2="1" tag="856"><subfield code="u">http://www.loc.gov/chroniclingamerica/lccn/sn84026920/issues</subfield></datafield></record>